@article{Collaboration2020,
  author        = {CMS Collaboration},
  journal       = {Journal of High Energy Physics},
  title         = {Обширное описание издания
                   at {$\sqrt{s} = 13$~TeV} Using Effective Field Theory},
  volume        = {2021},
  year          = {2021},
  eid           = {95},
  doi           = {10.1007/JHEP03(2021)095},
  eprinttype    = {arxiv},
  eprint        = {2012.04120},
  eprintclass   = {hep-ex},
}
@thesis{Reissel2016,
  author = {Кристина Бейбл},
  school = {Школа},
  title  = {{Monte Carlo} Simulation and Analysis
            of the {$t\bar{t}H$} Process With the {ATLAS} experiment
            at {$\sqrt{s}=13$~TeV}},
  year   = {2016},
  type   = {BA thesis}}